<record xmlns="http://www.loc.gov/MARC21/slim" xmlns:xsi="http://www.w3.org/2001/XMLSchema-instance" xsi:schemaLocation="http://www.loc.gov/MARC21/slim http://www.loc.gov/standards/marcxml/schema/MARC21slim.xsd"><leader>01997nam a2200361   4500</leader><controlfield tag="001">1934414</controlfield><controlfield tag="003">NIC</controlfield><controlfield tag="006">m        d        </controlfield><controlfield tag="007">cr cn |||m|||a</controlfield><controlfield tag="008">150113s1938    ua      o     000 0 ara d</controlfield><datafield ind1=" " ind2=" " tag="040"><subfield code="a">NNU</subfield><subfield code="b">eng</subfield><subfield code="c">NNU</subfield></datafield><datafield ind1="1" ind2=" " tag="100"><subfield code="6">880-01</subfield><subfield code="a">Nawa&#772;ji&#772;, Muh&#803;ammad ibn H&#803;asan,</subfield><subfield code="d">1386-1455.</subfield></datafield><datafield ind1="1" ind2="0" tag="240"><subfield code="6">880-02</subfield><subfield code="a">H&#803;alabat al-kumayt.</subfield><subfield code="f">1966</subfield></datafield><datafield ind1="1" ind2="0" tag="245"><subfield code="6">880-03</subfield><subfield code="a">Kita&#772;b H&#803;alabat al-kumayt</subfield><subfield code="h">[electronic resource] :</subfield><subfield code="b">fi&#772; al-adab wa-al-nawa&#772;dir wa-al-fika&#772;ha&#772;t al-muta&#699;alliqah bi-al-khamri&#772;ya&#772;t /</subfield><subfield code="c">ta&#700;li&#772;f Shams al-Di&#772;n Muh&#803;ammad ibn al-H&#803;asan al-Nawa&#772;ji&#772;.</subfield></datafield><datafield ind1=" " ind2=" " tag="260"><subfield code="6">880-04</subfield><subfield code="a">[Cairo] :</subfield><subfield code="b">Yut&#803;labu min Zaki&#772; Muja&#772;hid,</subfield><subfield code="c">1938.</subfield></datafield><datafield ind1=" " ind2=" " tag="300"><subfield code="a">online resource (384 p.)</subfield></datafield><datafield ind1=" " ind2=" " tag="500"><subfield code="a">Part of the Arabic Collections Online (ACO) project, contributed by Cornell University Libraries.</subfield></datafield><datafield ind1=" " ind2=" " tag="533"><subfield code="a">Electronic reproduction.</subfield><subfield code="b">New York, N.Y. :</subfield><subfield code="c">New York University,</subfield><subfield code="d">2015.</subfield><subfield code="5">NNU</subfield></datafield><datafield ind1=" " ind2="0" tag="650"><subfield code="a">Arabic literature</subfield><subfield code="x">History and criticism.</subfield></datafield><datafield ind1=" " ind2="0" tag="650"><subfield code="a">Wine in literature.</subfield></datafield><datafield ind1=" " ind2="7" tag="650"><subfield code="a">Arabic literature.</subfield><subfield code="2">fast</subfield><subfield code="0">(OCoLC)fst00812478</subfield></datafield><datafield ind1=" " ind2="7" tag="650"><subfield code="a">Wine in literature.</subfield><subfield code="2">fast</subfield><subfield code="0">(OCoLC)fst01175960</subfield></datafield><datafield ind1=" " ind2="7" tag="655"><subfield code="a">Criticism, interpretation, etc.</subfield><subfield code="2">fast</subfield><subfield code="0">(OCoLC)fst01411635</subfield></datafield><datafield ind1="2" ind2=" " tag="710"><subfield code="a">Cornell University.</subfield><subfield code="b">Libraries.</subfield></datafield><datafield ind1="0" ind2=" " tag="730"><subfield code="a">Arabic Collections Online.</subfield></datafield><datafield ind1="0" ind2="8" tag="776"><subfield code="i">Print version:</subfield><subfield code="a">Nawa&#772;ji&#772;, Muh&#803;ammad ibn H&#803;asan, 1386-1455.</subfield><subfield code="t">Kita&#772;b H&#803;alabat al-kumayt</subfield><subfield code="w">(NIC)1934414</subfield><subfield code="w">(OCoLC)64026450</subfield></datafield><datafield ind1="4" ind2="0" tag="856"><subfield code="u">http://hdl.handle.net/2333.1/bvq83dsw</subfield></datafield><datafield ind1="1" ind2=" " tag="880"><subfield code="6">100-01/r</subfield><subfield code="a">&#1606;&#1608;&#1575;&#1580;&#1610;&#1548; &#1605;&#1581;&#1605;&#1583; &#1576;&#1606; &#1581;&#1587;&#1606;&#1548;</subfield><subfield code="d">1386-1455.</subfield></datafield><datafield ind1="1" ind2="0" tag="880"><subfield code="6">240-02/r</subfield><subfield code="a">&#1581;&#1604;&#1576;&#1577; &#1575;&#1604;&#1603;&#1605;&#1610;&#1578;.</subfield><subfield code="f">1966</subfield></datafield><datafield ind1="1" ind2="0" tag="880"><subfield code="6">245-03/r</subfield><subfield code="a">&#1603;&#1578;&#1575;&#1576; &#1581;&#1604;&#1576;&#1577; &#1575;&#1604;&#1603;&#1605;&#1610;&#1578; :</subfield><subfield code="b">&#1601;&#1610; &#1575;&#1604;&#1575;&#1583;&#1576; &#1608;&#1575;&#1604;&#1606;&#1608;&#1575;&#1583;&#1585; &#1608;&#1575;&#1604;&#1601;&#1603;&#1575;&#1607;&#1575;&#1578; &#1575;&#1604;&#1605;&#1578;&#1593;&#1604;&#1602;&#1577; &#1576;&#1575;&#1604;&#1582;&#1605;&#1585;&#1610;&#1575;&#1578; /</subfield><subfield code="c">&#1578;&#1571;&#1604;&#1610;&#1601; &#1588;&#1605;&#1587; &#1575;&#1604;&#1583;&#1610;&#1606; &#1605;&#1581;&#1605;&#1583; &#1576;&#1606; &#1575;&#1604;&#1581;&#1587;&#1606; &#1575;&#1604;&#1606;&#1608;&#1575;&#1580;&#1610;.</subfield></datafield><datafield ind1=" " ind2=" " tag="880"><subfield code="6">260-04/r</subfield><subfield code="a">[&#1575;&#1604;&#1602;&#1575;&#1607;&#1585;&#1577;] :</subfield><subfield code="b">&#1610;&#1591;&#1604;&#1576; &#1605;&#1606; &#1586;&#1603;&#1610; &#1605;&#1580;&#1575;&#1607;&#1583;&#1548;</subfield><subfield code="c">1938.</subfield></datafield><datafield ind1=" " ind2=" " tag="959"><subfield code="a">NNU</subfield><subfield code="b">WEB</subfield><subfield code="c">GENI</subfield><subfield code="t">0</subfield><subfield code="m">Electronic access</subfield><subfield code="s">01</subfield></datafield><datafield ind1=" " ind2=" " tag="999"><subfield code="i">NIC_1934414</subfield><subfield code="o">(OCoLC)ocm64026450</subfield></datafield></record>